@article{DENSE,
    author      = {Gao Huang and Zhuang Liu and Kilian Q. Weinberger and Laurens van der Maaten},
    title       = {Densely Connected Convolutional Networks},
    publisher   = {Cornell University},
    month       = {12},
    year        = {2016}
},
@article{RESNET,
    author      = {Kaiming He and Xiangyu Zhang and Shaoqing Ren and Jian Sun},
    title       = {Deep Residual Learning for Image Recognition},
    publisher   = {Microsoft Research},
    month       = {12},
    year        = {2015}
},